<?xml version="1.0" encoding="UTF-8"?>
<record xmlns="http://www.loc.gov/MARC21/slim">
  <leader>00690cam a2200157 a 4500</leader>
  <controlfield tag="001">000005730160</controlfield>
  <controlfield tag="008">810306t19791898quc    ub     00010 fre  </controlfield>
  <datafield tag="020" ind1=" " ind2=" ">
    <subfield code="a">0665000758</subfield>
  </datafield>
  <datafield tag="100" ind1="1" ind2="0">
    <subfield code="a">Baillairgé, F. A.</subfield>
    <subfield code="q">(Frédéric Alexandre),</subfield>
    <subfield code="d">1854-1928.</subfield>
  </datafield>
  <datafield tag="245" ind1="1" ind2="3">
    <subfield code="a">La deuxième année de géographie, premier quartier, notions préliminaires ou La terre à vol d&apos;oiseau</subfield>
    <subfield code="h">[microforme] /</subfield>
    <subfield code="c">F.A. Baillairgé.</subfield>
  </datafield>
  <datafield tag="250" ind1=" " ind2=" ">
    <subfield code="a">1ère ed.</subfield>
  </datafield>
  <datafield tag="260" ind1="0" ind2=" ">
    <subfield code="a">[S.l. :</subfield>
    <subfield code="b">s.n.],</subfield>
    <subfield code="c">1898</subfield>
    <subfield code="e">(Joliette [Québec] :</subfield>
    <subfield code="f">Impr. générale)</subfield>
  </datafield>
  <datafield tag="300" ind1=" " ind2=" ">
    <subfield code="a">1 microfiche (49 images).</subfield>
  </datafield>
  <datafield tag="490" ind1="0" ind2=" ">
    <subfield code="a">CIHM/ICMH Microfiche series = CIHM/ICMH collection de microfiches ;</subfield>
    <subfield code="v">no 00075</subfield>
  </datafield>
  <datafield tag="650" ind1=" " ind2="6">
    <subfield code="a">Géographie.</subfield>
  </datafield>
  <datafield tag="852" ind1="4" ind2="0">
    <subfield code="9">1</subfield>
    <subfield code="a">CaOONL</subfield>
    <subfield code="c">Mg. livres</subfield>
    <subfield code="j">Mic.F. CC-4 no 00075</subfield>
  </datafield>
</record>
